<?xml version="1.0" encoding="UTF-8"?><collection xmlns="http://www.loc.gov/MARC21/slim"><record><leader>00520nam--2200181-i-4500</leader><controlfield tag="001">000012994</controlfield><controlfield tag="002">20161230</controlfield><controlfield tag="005">20161230201030</controlfield><controlfield tag="008">060222s1000------------r-----000-0-eng-d</controlfield><datafield ind1=" " ind2=" " tag="040"><subfield code="a">IFIN-HH</subfield></datafield><datafield ind1=" " ind2=" " tag="080"><subfield code="a">539.1.07/.08</subfield></datafield><datafield ind1="1" ind2=" " tag="100"><subfield code="a">Pearson, F.J</subfield></datafield><datafield ind1="1" ind2="0" tag="245"><subfield code="a">Practical nucleonics</subfield><subfield code="b">A course of experiments in nuclear physics</subfield><subfield code="c">F.j. pearson, r.r. osborne</subfield></datafield><datafield ind1=" " ind2=" " tag="260"><subfield code="a">London</subfield><subfield code="b">E.&amp;f.N. Spon Limited</subfield><subfield code="c">1960</subfield></datafield><datafield ind1=" " ind2=" " tag="300"><subfield code="a">208P</subfield></datafield><datafield ind1="1" ind2=" " tag="700"><subfield code="a">Osborne, R.R</subfield></datafield><datafield ind1=" " ind2=" " tag="852"><subfield code="a">16584</subfield><subfield code="c">539.1.07:539.1.08</subfield></datafield><datafield ind1=" " ind2=" " tag="CAT"><subfield code="a">Sys</subfield><subfield code="c">20160405</subfield><subfield code="h">093318</subfield></datafield></record></collection>